{
	@INPROCEEDINGS{5070520,
	author={German, Daniel M. and Hassan, Ahmed E.},
	booktitle={2009 IEEE 31st International Conference on Software Engineering}, 
	title={License integration patterns: Addressing license mismatches in component-based development}, 
	year={2009},
	volume={},
	number={},
	pages={188-198},
	keywords={Licenses;Law;Legal factors;Application software;Open source software;Packaging;Software packages;Computer architecture;Programming;Software tools},
	doi={10.1109/ICSE.2009.5070520}},
	
	@INPROCEEDINGS{6479814,
	author={Mathur, Arunesh and Choudhary, Harshal and Vashist, Priyank and Thies, William and Thilagam, Santhi},
	booktitle={2012 35th Annual IEEE Software Engineering Workshop}, 
	title={An Empirical Study of License Violations in Open Source Projects}, 
	year={2012},
	volume={},
	number={},
	pages={168-176},
	keywords={Licenses;Software;Google;Law;Communities;Computer languages;Software reusability;Open source software;Legal factors},
	doi={10.1109/SEW.2012.24}}
	
	@INPROCEEDINGS{7332449,
	author={Vendome, Christopher and Linares-Vásquez, Mario and Bavota, Gabriele and Di Penta, Massimiliano and German, Daniel M. and Poshyvanyk, Denys},
	booktitle={2015 IEEE International Conference on Software Maintenance and Evolution (ICSME)}, 
	title={When and why developers adopt and change software licenses}, 
	year={2015},
	volume={},
	number={},
	pages={31-40},
	keywords={Licenses;Software;Data mining;History;Java;Law;Software Licenses;Mining Software Repositories;Empirical Studies},
	doi={10.1109/ICSM.2015.7332449}}
	
	@MISC{license-integration-patterns-1,
	title={Open Source Software Licensing Patterns},
	author={Halina Kaminski and Mark Perry},
	note={Accessed: 2024-10-21},
	url={https://ir.lib.uwo.ca/cgi/viewcontent.cgi?article=1009&context=csdpub},
	howpublished={\url{https://ir.lib.uwo.ca/cgi/viewcontent.cgi?article=1009&context=csdpub}}
	}
	@article{license-integration-patterns-2,
	author = {Ravi Sen and Chandrasekar Subramaniam and Matthew L. Nelson and},
	title = {Determinants of the Choice of Open Source Software License},
	journal = {Journal of Management Information Systems},
	volume = {25},
	number = {3},
	pages = {207--240},
	year = {2008},
	publisher = {Routledge},
	doi = {10.2753/MIS0742-1222250306},
	URL = {https://doi.org/10.2753/MIS0742-1222250306},
	eprint = {https://doi.org/10.2753/MIS0742-1222250306}
	}
	
	
	
	@MISC{us-copyright-law-definitions,
	title={17 U.S. Code § 101 - Definitions},
	howpublished={\url{https://www.law.cornell.edu/uscode/text/17/101}},
	url={https://www.law.cornell.edu/uscode/text/17/101},
	note={Accessed: 2025-06-24}}
	
	@MISC{eu-infosoc-directive,
	title={Directive 2001/29/EC of the European Parliament and of the Council of 22 May 2001 on the harmonisation of certain aspects of copyright and related rights in the information society},
	howpublished={\url{https://eur-lex.europa.eu/eli/dir/2001/29/oj/eng}},
	url={https://eur-lex.europa.eu/eli/dir/2001/29/oj/eng},
	note={Accessed: 2025-06-24}}
	
	@MISC{berne-convention,
	title={Berne Convention for the Protection of Literary and Artistic Works},
	howpublished={\url{https://www.wipo.int/treaties/en/ip/berne/}},
	url={https://www.wipo.int/treaties/en/ip/berne/},
	note={Accessed: 2025-06-24}}
	
	@MISC{osadl-home,
	title={Open Source Automation Development Lab (OSADL) eG},
	howpublished={\url{https://www.osadl.org/}},
	url={https://www.osadl.org/},
	note={Accessed: 2025-04-13}}
	
	@MISC{osadl-license-checklists,
	title={OSADL Open Source License Obligation Checklists homepage},
	howpublished={\url{https://www.osadl.org/OSADL-Open-Source-License-Checklists.oss-compliance-lists.0.html}},
	url={https://www.osadl.org/OSADL-Open-Source-License-Checklists.oss-compliance-lists.0.html},
	note={Accessed: 2025-04-13}}
	
	@MISC{osadl-checker,
	title={OSADL license compatibility matrix application},
	howpublished={\url{https://www.osadl.org/html/CompatMatrix-noexpl.html}},
	url={https://www.osadl.org/html/CompatMatrix-noexpl.html},
	note={Accessed: 2024-10-23}}
	
	@MISC{osadl-license-checklists-scope,
	title={Checklists scope},
	howpublished={\url{https://www.osadl.org/Checklists-scope.oss-checklist-edit-scope.0.html}},
	url={https://www.osadl.org/Checklists-scope.oss-checklist-edit-scope.0.html},
	note={Accessed: 2025-04-13}}
	
	@MISC{scancode-home,
	title={ScanCode documentation},
	howpublished={\url{https://scancode-toolkit.readthedocs.io/en/stable/getting-started/home.html}},
	url={https://scancode-toolkit.readthedocs.io/en/stable/getting-started/home.html},
	note={Accessed: 2024-12-18}}
	
	@MISC{scancode-licensedb,
	title={ScanCode LicenseDB},
	howpublished={\url{https://scancode-licensedb.aboutcode.org/}}}
	
	@MISC{fossology-home,
	title={Fossology homepage},
	howpublished={\url{https://www.fossology.org/features}},
	url={https://www.fossology.org/features},
	note={Accessed: 2024-12-18}}
	
	@MISC{tuxedocomputers-issue-61,
	title={Licensing issue on the archived tuxedocomputers/tuxedo-keyboard GitHub repository},
	howpublished={\url{https://github.com/tuxedocomputers/tuxedo-keyboard/issues/61}},
	url={https://github.com/tuxedocomputers/tuxedo-keyboard/issues/61},
	note={Accessed: 2024-11-27}}
	
	@MISC{tuxedocomputers-issue-127,
	title={Licensing issue on the tuxedocomputers/tuxedo-drivers GitLab repository},
	howpublished={\url{https://gitlab.com/tuxedocomputers/development/packages/tuxedo-drivers/-/issues/137}},
	url={https://gitlab.com/tuxedocomputers/development/packages/tuxedo-drivers/-/issues/137},
	note={Accessed: 2024-11-27}}
	
	@MISC{lkml-tuxcomputers,
	title={Linux Kernel Mailing List message on the subject of blocking Tuxedo Computers from interacting with GPLv2-only modules.},
	howpublished={\url{https://lkml.org/lkml/2024/11/14/709}},
	url={https://lkml.org/lkml/2024/11/14/709},
	note={Accessed: 2024-11-27}}
	
	@MISC{opensource-org-definition,
	title={The Open Source Definition},
	howpublished={\url{https://opensource.org/osd}},
	url={https://opensource.org/osd},
	note={Accessed: 2025-06-22}
	}
	
	@MISC{opensource-org-licenses,
	title={Licenses approved by the Open Source Initiative},
	howpublished={\url{https://opensource.org/licenses}},
	url={https://opensource.org/licenses},
	note={Accessed: 2025-05-21}
	}
	
	@MISC{opensource-org-mit,
	title={MIT License text},
	note={Accessed: 2024-11-22},
	howpublished={\url{https://opensource.org/license/mit}},
	url={https://opensource.org/license/mit}
	}
	
	@MISC{spdx-home,
	title = {The System Package Data Exchange (SPDX)},
	note={Accessed: 2025-08-20},
	howpublished={\url{https://spdx.dev/}},
	url={https://spdx.dev/}
	}
	
	@MISC{spdx-licenses,
	title={SPDX License list},
	howpublished={\url{https://spdx.org/licenses/}},
	url={https://spdx.org/licenses/},
	note={Accessed: 2025-06-22}}
	
	@MISC{spdx-explanation-1,
	title={Why you should use SPDX for security},
	author={Phil Odence},
	year={2023},
	month={January},
	note={Accessed: 2025-08-20},
	url={https://www.linux.com/news/why-you-should-use-spdx-for-security/},
	howpublished={\url{https://www.linux.com/news/why-you-should-use-spdx-for-security/}}}
	
	@MISC{reuse-project-home,
	title={ReUse Software},
	note={Accessed: 2025-08-20},
	url={https://reuse.software/},
	howpublished={\url{https://reuse.software/}}
	}
	
	@misc{github_innovation_graph_2025,
	author       = {GitHub},
	title        = {GitHub Innovation Graph},
	year         = {2025},
	month        = {April},
	version      = {1.0.6},
	howpublished = {\url{https://github.com/github/innovationgraph}},
	url          = {https://github.com/github/innovationgraph},
	note         = {Dataset. Released under CC0-1.0.},
	keywords     = {open source, open data, dataset, github}}
	
	@misc{github_repository_creation,
	author = {Kedasha Kerr},
	year = {2024},
	month = {June},
	howpublished = {\url{https://github.blog/developer-skills/github/beginners-guide-to-github-repositories-how-to-create-your-first-repo/}},
	url = {https://github.blog/developer-skills/github/beginners-guide-to-github-repositories-how-to-create-your-first-repo/},
	title = {Beginner’s guide to GitHub repositories: How to create your first repo}}
	
	@misc{licensee-scanner,
	title={Licensee, A Ruby Gem to detect under what license a project is distributed.}
	author={Mike Linksvayer},
	howpublished={\url{https://github.com/licensee/licensee}},
	url={https://github.com/licensee/licensee},
	note={Accessed: 2025-06-19}}
	
	@misc{ollama_docs,
	title = {Ollama documentation},
	url = {https://github.com/ollama/ollama/tree/main/docs},
	howpublished = {\url{https://github.com/ollama/ollama/tree/main/docs}},
	note={Accessed: 2025-05-23}}
	
	@misc{ollama_llama3,
	title = {LLama3 model page on Ollama},
	url = {https://ollama.com/library/llama3},
	howpublished = {\url{https://ollama.com/library/llama3}},
	note={Accessed: 2025-05-24}}
	
	@misc{ollama_gemma3,
	title = {Gemma3 model page on Ollama},
	url = {https://ollama.com/library/gemma3},
	howpublished = {\url{https://ollama.com/library/gemma3}},
	note={Accessed: 2025-05-24}}
	
	@misc{ollama_deepseekr1,
	title = {Deepseek R1 model page on Ollama},
	url = {https://ollama.com/library/deepseek-r1},
	howpublished = {\url{https://ollama.com/library/deepseek-r1}},
	note={Accessed: 2025-05-24}}
	
	@misc{ollama_qwen3,
	title = {Qwen3 model page on Ollama},
	url = {https://ollama.com/library/qwen3},
	howpublished = {\url{https://ollama.com/library/qwen3}},
	note={Accessed: 2025-05-30}}
	
	@misc{wu2024thinkingllmsgeneralinstruction,
	title={Thinking LLMs: General Instruction Following with Thought Generation}, 
	author={Tianhao Wu and Janice Lan and Weizhe Yuan and Jiantao Jiao and Jason Weston and Sainbayar Sukhbaatar},
	year={2024},
	eprint={2410.10630},
	archivePrefix={arXiv},
	primaryClass={cs.CL},
	url={https://arxiv.org/abs/2410.10630}, 
	}
	
	@misc{deepseekai2025deepseekr1incentivizingreasoningcapability,
	title={DeepSeek-R1: Incentivizing Reasoning Capability in LLMs via Reinforcement Learning}, 
	author={DeepSeek-AI and Daya Guo and Dejian Yang and Haowei Zhang and Junxiao Song and Ruoyu Zhang and Runxin Xu and Qihao Zhu and Shirong Ma and Peiyi Wang and Xiao Bi and Xiaokang Zhang and Xingkai Yu and Yu Wu and Z. F. Wu and Zhibin Gou and Zhihong Shao and Zhuoshu Li and Ziyi Gao and Aixin Liu and Bing Xue and Bingxuan Wang and Bochao Wu and Bei Feng and Chengda Lu and Chenggang Zhao and Chengqi Deng and Chenyu Zhang and Chong Ruan and Damai Dai and Deli Chen and Dongjie Ji and Erhang Li and Fangyun Lin and Fucong Dai and Fuli Luo and Guangbo Hao and Guanting Chen and Guowei Li and H. Zhang and Han Bao and Hanwei Xu and Haocheng Wang and Honghui Ding and Huajian Xin and Huazuo Gao and Hui Qu and Hui Li and Jianzhong Guo and Jiashi Li and Jiawei Wang and Jingchang Chen and Jingyang Yuan and Junjie Qiu and Junlong Li and J. L. Cai and Jiaqi Ni and Jian Liang and Jin Chen and Kai Dong and Kai Hu and Kaige Gao and Kang Guan and Kexin Huang and Kuai Yu and Lean Wang and Lecong Zhang and Liang Zhao and Litong Wang and Liyue Zhang and Lei Xu and Leyi Xia and Mingchuan Zhang and Minghua Zhang and Minghui Tang and Meng Li and Miaojun Wang and Mingming Li and Ning Tian and Panpan Huang and Peng Zhang and Qiancheng Wang and Qinyu Chen and Qiushi Du and Ruiqi Ge and Ruisong Zhang and Ruizhe Pan and Runji Wang and R. J. Chen and R. L. Jin and Ruyi Chen and Shanghao Lu and Shangyan Zhou and Shanhuang Chen and Shengfeng Ye and Shiyu Wang and Shuiping Yu and Shunfeng Zhou and Shuting Pan and S. S. Li and Shuang Zhou and Shaoqing Wu and Shengfeng Ye and Tao Yun and Tian Pei and Tianyu Sun and T. Wang and Wangding Zeng and Wanjia Zhao and Wen Liu and Wenfeng Liang and Wenjun Gao and Wenqin Yu and Wentao Zhang and W. L. Xiao and Wei An and Xiaodong Liu and Xiaohan Wang and Xiaokang Chen and Xiaotao Nie and Xin Cheng and Xin Liu and Xin Xie and Xingchao Liu and Xinyu Yang and Xinyuan Li and Xuecheng Su and Xuheng Lin and X. Q. Li and Xiangyue Jin and Xiaojin Shen and Xiaosha Chen and Xiaowen Sun and Xiaoxiang Wang and Xinnan Song and Xinyi Zhou and Xianzu Wang and Xinxia Shan and Y. K. Li and Y. Q. Wang and Y. X. Wei and Yang Zhang and Yanhong Xu and Yao Li and Yao Zhao and Yaofeng Sun and Yaohui Wang and Yi Yu and Yichao Zhang and Yifan Shi and Yiliang Xiong and Ying He and Yishi Piao and Yisong Wang and Yixuan Tan and Yiyang Ma and Yiyuan Liu and Yongqiang Guo and Yuan Ou and Yuduan Wang and Yue Gong and Yuheng Zou and Yujia He and Yunfan Xiong and Yuxiang Luo and Yuxiang You and Yuxuan Liu and Yuyang Zhou and Y. X. Zhu and Yanhong Xu and Yanping Huang and Yaohui Li and Yi Zheng and Yuchen Zhu and Yunxian Ma and Ying Tang and Yukun Zha and Yuting Yan and Z. Z. Ren and Zehui Ren and Zhangli Sha and Zhe Fu and Zhean Xu and Zhenda Xie and Zhengyan Zhang and Zhewen Hao and Zhicheng Ma and Zhigang Yan and Zhiyu Wu and Zihui Gu and Zijia Zhu and Zijun Liu and Zilin Li and Ziwei Xie and Ziyang Song and Zizheng Pan and Zhen Huang and Zhipeng Xu and Zhongyu Zhang and Zhen Zhang},
	year={2025},
	eprint={2501.12948},
	archivePrefix={arXiv},
	primaryClass={cs.CL},
	url={https://arxiv.org/abs/2501.12948}, 
	}
	
	@MISC{unu-deepseek-r1,
	title={Deepseek R1: Pioneering Open-Source 'Thinking Model' and Its Impact on the LLM Landscape},
	author={Ng S.T. Chong},
	note={Accessed: 2025-05-23},
	url={https://c3.unu.edu/blog/deepseek-r1-pioneering-open-source-thinking-model-and-its-impact-on-the-llm-landscape},
	howpublished={\url{https://c3.unu.edu/blog/deepseek-r1-pioneering-open-source-thinking-model-and-its-impact-on-the-llm-landscape}}
	}
	
	@MISC{huggingface-moe,
	title={Mixture of Experts Explained},
	author={Omar Sanseverio and Lewis Tunstall and Philipp Schmid and Sourab Mangrulkar and Younes B. and Pedro Cuenca},
	note={Accessed: 2025-05-30},
	url={https://huggingface.co/blog/moe},
	howpublished={\url{https://huggingface.co/blog/moe}}}
	
	@MISC{langchain-structured-output,
	title={How to return structured data from a model | Langchain},
	url={https://python.langchain.com/docs/how_to/structured_output/},
	note={Accessed: 2025-06-03}}
	
}